@book{Lamport:Book:1989,
 author = {Lamport, Leslie},
 title = {Latex: A Document Preparation System},
 year = {1986},
 isbn = {0-201-15790-X},
 publisher = {Addison-Wesley Longman Publishing Co., Inc.},
 address = {Boston, MA, USA},
}

@misc{Hinton:arXiv:2015:Distilling,
 title={Distilling the knowledge in a neural network},
 author={Hinton, Geoffrey and Vinyals, Oriol and Dean, Jeff},
 OPTeprinttype={arXiv},
 OPTeprint={1503.02531},
 howpublished={Eprint \href{http://arxiv.org/abs/1503.02531}{arXiv:1503.02531}},
 OPTurl={http://arxiv.org/abs/1503.02531},
 year=2015
}

@article{song2021solving,
  title={Solving inverse problems in medical imaging with score-based generative models},
  author={Song, Yang and Shen, Liyue and Xing, Lei and Ermon, Stefano},
  journal={arXiv preprint arXiv:2111.08005},
  year={2021}
}

@article{song2021score,
  title={Score-based generative modeling through stochastic differential equations},
  author={Song, Yang and Sohl-Dickstein, Jascha and Kingma, Diederik P and Kumar, Abhishek and Ermon, Stefano and Poole, Ben},
  journal={arXiv preprint arXiv:2011.13456},
  year={2021}
}

@article{friedrich2024wdm,
  title={WDM: 3D Wavelet Diffusion Models for High-Resolution Medical Image Synthesis},
  author={Friedrich, Paul and Wolleb, Julia and Bieder, Florentin and Durrer, Alicia and Cattin, Philippe C},
  journal={arXiv preprint arXiv:2402.19043},
  year={2024}
}

@article{fastmri2020,
  title={fastMRI: An Open Dataset and Benchmarks for Accelerated MRI},
  author={Zbontar, Jure and Knoll, Florian and Sriram, Anuroop and Murrell, Tullie and Huang, Zhengnan and Muckley, Matthew J and Defazio, Aaron and Stern, Ruben and Johnson, Patricia and Bruno, Mary and others},
  journal={arXiv preprint arXiv:1811.08839},
  year={2020}
}